<record><leader>00000cas a22000007a 4500</leader><controlfield tag="001">9823577</controlfield><controlfield tag="008">830819d18501853nyuwr ne      0    0eng d</controlfield><datafield ind1=" " ind2=" " tag="010"><subfield code="a">sn 83031226 </subfield></datafield><datafield ind1=" " ind2=" " tag="040"><subfield code="a">NPU</subfield><subfield code="b">eng</subfield><subfield code="c">NPU</subfield><subfield code="d">NYG</subfield><subfield code="d">NYS</subfield><subfield code="d">OCL</subfield><subfield code="d">OCLCF</subfield><subfield code="d">OCLCO</subfield></datafield><datafield ind1="1" ind2=" " tag="029"><subfield code="a">AU@</subfield><subfield code="b">000020227022</subfield></datafield><datafield ind1=" " ind2=" " tag="042"><subfield code="a">msc</subfield></datafield><datafield ind1="0" ind2="0" tag="245"><subfield code="a">Union-Village journal.</subfield></datafield><datafield ind1="0" ind2="3" tag="246"><subfield code="a">Union Village journal</subfield><subfield code="f">Mar. 28, 1850-</subfield></datafield><datafield ind1=" " ind2=" " tag="260"><subfield code="a">Greenwich, N.Y. :</subfield><subfield code="b">John W. Curtis,</subfield><subfield code="c">1850-</subfield></datafield><datafield ind1=" " ind2=" " tag="300"><subfield code="a">v. :</subfield><subfield code="b">ill. ;</subfield><subfield code="c">60 cm.</subfield></datafield><datafield ind1=" " ind2=" " tag="310"><subfield code="a">Weekly</subfield></datafield><datafield ind1="0" ind2=" " tag="362"><subfield code="a">Vol. 8, no. 24 (Mar. 21, 1850)-    = Whole no. 389-</subfield></datafield><datafield ind1="1" ind2=" " tag="362"><subfield code="a">Ceased in 1853?</subfield><subfield code="z">Cf. Gregory, W.  Amer. newspapers.</subfield></datafield><datafield ind1=" " ind2=" " tag="500"><subfield code="a">Motto: "Law and order are the pillars of a republic; justice and honor, its crowning shields; and peace, its corner stone."</subfield></datafield><datafield ind1=" " ind2=" " tag="500"><subfield code="a">Union-Village, known prior to 1800 as Whipple City, was renamed Greenwich, N.Y. after 1850.</subfield></datafield><datafield ind1=" " ind2=" " tag="500"><subfield code="a">Editor: 1850-    , J. W. Curtis.</subfield></datafield><datafield ind1=" " ind2=" " tag="580"><subfield code="a">Issued as: Mar. 21, 1850, Union-Village journal; Mar. 28, 1850-    , Union Village journal.</subfield></datafield><datafield ind1=" " ind2="0" tag="651"><subfield code="a">Greenwich (N.Y.)</subfield><subfield code="v">Newspapers.</subfield></datafield><datafield ind1=" " ind2="7" tag="655"><subfield code="a">Newspapers.</subfield><subfield code="2">fast</subfield><subfield code="0">(OCoLC)fst01423814</subfield></datafield><datafield ind1=" " ind2="7" tag="651"><subfield code="a">New York (State)</subfield><subfield code="z">Greenwich.</subfield><subfield code="2">fast</subfield><subfield code="0">(OCoLC)fst01227843</subfield></datafield><datafield ind1="1" ind2=" " tag="700"><subfield code="a">Curtis, John W.,</subfield><subfield code="e">ed.</subfield></datafield><datafield ind1=" " ind2=" " tag="752"><subfield code="a">United States</subfield><subfield code="b">New York</subfield><subfield code="c">Washington</subfield><subfield code="d">Greenwich.</subfield></datafield><datafield ind1="0" ind2="0" tag="780"><subfield code="t">Washington County journal (Union-Village, N.Y.)</subfield><subfield code="w">(DLC)sn 83031304</subfield></datafield><datafield ind1="0" ind2="0" tag="785"><subfield code="t">Washington County people's journal</subfield><subfield code="w">(DLC)sn 84031455</subfield></datafield></record>